%YAML 1.1
%TAG !u! tag:unity3d.com,2011:
--- !u!1 &9220358859228953219
GameObject:
  m_ObjectHideFlags: 0
  m_CorrespondingSourceObject: {fileID: 0}
  m_PrefabInstance: {fileID: 0}
  m_PrefabAsset: {fileID: 0}
  serializedVersion: 6
  m_Component:
  - component: {fileID: 9220358859228953465}
  - component: {fileID: 9220358859228953471}
  - component: {fileID: 9113041209464175337}
  - component: {fileID: 9220358859228953468}
  - component: {fileID: 8247713806221230663}
  - component: {fileID: 9220358859228953218}
  - component: {fileID: 9220358859228953470}
  m_Layer: 0
  m_Name: GameController
  m_TagString: Controller
  m_Icon: {fileID: 0}
  m_NavMeshLayer: 0
  m_StaticEditorFlags: 0
  m_IsActive: 1
--- !u!4 &9220358859228953465
Transform:
  m_ObjectHideFlags: 0
  m_CorrespondingSourceObject: {fileID: 0}
  m_PrefabInstance: {fileID: 0}
  m_PrefabAsset: {fileID: 0}
  m_GameObject: {fileID: 9220358859228953219}
  m_LocalRotation: {x: 0, y: 0, z: 0, w: 1}
  m_LocalPosition: {x: -38.711163, y: -28.560417, z: -1.1037805}
  m_LocalScale: {x: 1, y: 1, z: 1}
  m_ConstrainProportionsScale: 0
  m_Children: []
  m_Father: {fileID: 0}
  m_RootOrder: 0
  m_LocalEulerAnglesHint: {x: 0, y: 0, z: 0}
--- !u!114 &9220358859228953471
MonoBehaviour:
  m_ObjectHideFlags: 0
  m_CorrespondingSourceObject: {fileID: 0}
  m_PrefabInstance: {fileID: 0}
  m_PrefabAsset: {fileID: 0}
  m_GameObject: {fileID: 9220358859228953219}
  m_Enabled: 1
  m_EditorHideFlags: 0
  m_Script: {fileID: 11500000, guid: 14fa27339819f5b40bd2aaca2cef4bd1, type: 3}
  m_Name: 
  m_EditorClassIdentifier: 
  syncMode: 0
  syncInterval: 1
  RoundTimeMinut: 2.5
  RoundTime: 0
  FreezeTime: 5
  RoundTimeEnd: 0
  TimeEndRound: 3
  BotPlayer: {fileID: 996735581922838121, guid: b9d4c5b9dcc56094aa1ba76a83b6c8b4,
    type: 3}
  BotParent: {fileID: 0}
  PlayerParent: {fileID: 0}
  BotQuota: 50
--- !u!114 &9113041209464175337
MonoBehaviour:
  m_ObjectHideFlags: 0
  m_CorrespondingSourceObject: {fileID: 0}
  m_PrefabInstance: {fileID: 0}
  m_PrefabAsset: {fileID: 0}
  m_GameObject: {fileID: 9220358859228953219}
  m_Enabled: 1
  m_EditorHideFlags: 0
  m_Script: {fileID: 11500000, guid: f346995a26bcc307099423c97ae1c1ac, type: 3}
  m_Name: 
  m_EditorClassIdentifier: 
  syncMode: 0
  syncInterval: 0.1
--- !u!114 &9220358859228953468
MonoBehaviour:
  m_ObjectHideFlags: 0
  m_CorrespondingSourceObject: {fileID: 0}
  m_PrefabInstance: {fileID: 0}
  m_PrefabAsset: {fileID: 0}
  m_GameObject: {fileID: 9220358859228953219}
  m_Enabled: 1
  m_EditorHideFlags: 0
  m_Script: {fileID: 11500000, guid: 5b6cad9e97078334091c3ea7856ee7fe, type: 3}
  m_Name: 
  m_EditorClassIdentifier: 
  syncMode: 0
  syncInterval: 1
  IsDebug: 0
  DebugStatusMode: 0
  BioKnockback: {fileID: 0}
  ClassicTimeToStart: 15
  ClassicPreInfectionCountMulti: 0.15
  NewTimeToStart: 15
  NewPreInfectionCountMulti: 0.15
  RandomIndex: 0
  ClassicZombieClass: []
  ClassicHumanClassParametrs: []
  NewZombieClassParametrs: []
  NewHumanClassParametrs: []
  InfectionEffect: {fileID: 7329171477080361487, guid: 1c05a1ca9a91e5c4b800323925d344cf,
    type: 3}
  ResultRound: {fileID: 0}
  SprHumanWin: {fileID: 0}
  SprZombieWin: {fileID: 0}
  CurrentTime: 0
--- !u!114 &8247713806221230663
MonoBehaviour:
  m_ObjectHideFlags: 0
  m_CorrespondingSourceObject: {fileID: 0}
  m_PrefabInstance: {fileID: 0}
  m_PrefabAsset: {fileID: 0}
  m_GameObject: {fileID: 9220358859228953219}
  m_Enabled: 1
  m_EditorHideFlags: 0
  m_Script: {fileID: 11500000, guid: ef01e604c84ee21fe93926b13a59d68a, type: 3}
  m_Name: 
  m_EditorClassIdentifier: 
  syncMode: 0
  syncInterval: 0.1
  PrimaryWeaponParametrs:
  - {fileID: 7133947288136974530, guid: 60885777e0e479249973b0299c35d0b3, type: 3}
  - {fileID: 2148626043728499400, guid: 49f250629b7d4c943bb647f6a957f250, type: 3}
  - {fileID: 4429849957120384041, guid: 719e905650e3d6b48abc27f8d6390254, type: 3}
  SecondWeaponParametrs:
  - {fileID: 4429849957120384041, guid: e8b49093992b89f4792d13e3c69a81a6, type: 3}
  - {fileID: 5012457096375485243, guid: 60dbe5b70579e44429f652dd0068dfba, type: 3}
  GrenadeParametrs: []
  MineParametrs: []
  OtherItemParametrs: []
  KnifeParametrs: []
  ZombieKnifeParametrs: {fileID: 2361301666385923141, guid: 35af392aa3f92744687793e1d1e23acd,
    type: 3}
--- !u!114 &9220358859228953218
MonoBehaviour:
  m_ObjectHideFlags: 0
  m_CorrespondingSourceObject: {fileID: 0}
  m_PrefabInstance: {fileID: 0}
  m_PrefabAsset: {fileID: 0}
  m_GameObject: {fileID: 9220358859228953219}
  m_Enabled: 1
  m_EditorHideFlags: 0
  m_Script: {fileID: 11500000, guid: d0852dddb409bed48bdc423934926167, type: 3}
  m_Name: 
  m_EditorClassIdentifier: 
  syncMode: 0
  syncInterval: 0.1
  knockBack: 2
--- !u!114 &9220358859228953470
MonoBehaviour:
  m_ObjectHideFlags: 0
  m_CorrespondingSourceObject: {fileID: 0}
  m_PrefabInstance: {fileID: 0}
  m_PrefabAsset: {fileID: 0}
  m_GameObject: {fileID: 9220358859228953219}
  m_Enabled: 1
  m_EditorHideFlags: 0
  m_Script: {fileID: 11500000, guid: 9b91ecbcc199f4492b9a91e820070131, type: 3}
  m_Name: 
  m_EditorClassIdentifier: 
  sceneId: 0
  serverOnly: 0
  visible: 0
  m_AssetId: ae87f71bce1660d488bdc7d00fdc9432
  hasSpawned: 0
